@article{aidala2019,
  title = {The {{SeaQuest}} Spectrometer at {{Fermilab}}},
  author = {Aidala, C. A. and others},
  year = {2019},
  month = jun,
  journal = {Nucl. Instrum. Methods Phys. Res., Sect. A},
  volume = {930},
  pages = {49--63},
  issn = {0168-9002},
  doi = {10.1016/j.nima.2019.03.039},
  langid = {english},
  keywords = {Drellâ€“Yan,E906,Muon,SeaQuest,Spectrometer}
}
@article{dove2021,
  title = {The Asymmetry of Antimatter in the Proton},
  author = {Dove, J. and others},
  year = {2021},
  month = feb,
  journal = {Nature},
  volume = {590},
  number = {7847},
  pages = {561--565},
  publisher = {{Nature Publishing Group}},
  issn = {1476-4687},
  doi = {10.1038/s41586-021-03282-z},
  copyright = {2021 This is a U.S. government work and not under copyright protection in the U.S.; foreign copyright protection may apply},
  langid = {english},
  annotation = {Bandiera{$\_$}abtest: a Cg{$\_$}type: Nature Research Journals Primary{$\_$}atype: Research Subject{$\_$}term: Experimental nuclear physics;Experimental particle physics Subject{$\_$}term{$\_$}id: experimental-nuclear-physics;experimental-particle-physics}
}

@article{hsieh2021,
  title = {{{NRQCD}} Analysis of Charmonium Production with Pion and Proton Beams at Fixed-Target Energies},
  author = {Hsieh, Chia-Yu and others},
  year = {2021},
  month = oct,
  journal = {Chin. J. Phys},
  volume = {73},
  pages = {13--23},
  issn = {0577-9073},
  doi = {10.1016/j.cjph.2021.06.001},
  langid = {english},
  keywords = {Charmonium production,Color-octet matrix elements,Gluon,NRQCD,Pion PDFs}
}

@article{peng1995,
  title = {Probing {{$\bar{u}/\bar{d}$}} asymmetry in the proton via quarkonium production},
  author = {Peng, J. C. and Jansen, D. M. and Chen, Y. C.},
  year = {1995},
  month = jan,
  journal = {Phys. Lett. B},
  volume = {344},
  number = {1},
  pages = {1-5},
  issn = {0370-2693},
  doi = {10.1016/0370-2693(94)01466-P},
  langid = {english}
}

@article{chang2020,
  title = {Constraining gluon density of pions at large {$x$} by pion-induced {$J/\psi$} production},
  author = {Chang, Wen-Chen and others},
  year = {2020},
  month = sep,
  journal = {Phys. Rev. D},
  volume = {102},
  number = {5},
  pages = {054024},
  publisher = {American Physical Society},
  doi = {10.1103/PhysRevD.102.054024}
}